@book{sutton2018reinforcement,
  title={Reinforcement learning: An introduction},
  author={Sutton, Richard S and Barto, Andrew G},
  year={2018},
  publisher={MIT press}
}

@book{lapan2020deep,
  title={Deep reinforcement learning hands-on},
  author={Lapan, Maxim},
  year={2020},
  publisher={Packt publishing}
}

@Misc{jjrob,
  author       = {jjRobots Ltd.},
  howpublished = {https://www.jjrobots.com/the-open-source-air-hockey-robot/, letzter Aufruf: 24.03.2020},
  title        = {AIR HOCKEY ROBOT EVO.},
}

@Comment{jabref-meta: databaseType:bibtex;}
